<?xml version="1.0" encoding="UTF-8"?><collection xmlns="http://www.loc.gov/MARC21/slim"><record><leader>00391nam--2200145-i-4500</leader><controlfield tag="001">000029659</controlfield><controlfield tag="002">20161230</controlfield><controlfield tag="005">20161230201037</controlfield><controlfield tag="008">060222s1000------------r-----000-0-eng-d</controlfield><datafield ind1=" " ind2=" " tag="080"><subfield code="a">532.783</subfield></datafield><datafield ind1=" " ind2=" " tag="245"><subfield code="a">Liquid cristals</subfield></datafield><datafield ind1=" " ind2=" " tag="260"><subfield code="a">New York, Academic Press, 1978. Vii+307p</subfield></datafield><datafield ind1=" " ind2=" " tag="490"><subfield code="a">Solid State Physics. Advances In Research Application. Suppl.14</subfield></datafield><datafield ind1=" " ind2=" " tag="700"><subfield code="a">Liebert, L</subfield></datafield><datafield ind1=" " ind2=" " tag="852"><subfield code="a">11711</subfield></datafield></record></collection>